@MISC{forecast,
	title = {Forecasting Functions for Time Series and Linear Models},
	howpublished = {\url{https://www.rdocumentation.org/packages/forecast/versions/8.4}},
	note = {Accessed: 2019-01-06}
}

@article{hyndman2002state,
	title={A state space framework for automatic forecasting using exponential smoothing methods},
	author={Hyndman, Rob J and Koehler, Anne B and Snyder, Ralph D and Grose, Simone},
	journal={International Journal of forecasting},
	volume={18},
	number={3},
	pages={439--454},
	year={2002},
	publisher={Elsevier}
}

@book{hyndman2018forecasting,
	title={Forecasting: principles and practice},
	author={Hyndman, Rob J and Athanasopoulos, George},
	year={2018},
	publisher={OTexts}
}

@MISC{stl,
	title = {Seasonal Decomposition Of Time Series By Loess},
	howpublished = {\url{https://www.rdocumentation.org/packages/stats/versions/3.5.2/topics/stl}},
	note = {Accessed: 2019-01-06}
}

@MISC{ets,
	title = {Exponential Smoothing State Space Model},
	howpublished = {\url{https://www.rdocumentation.org/packages/forecast/versions/8.4/topics/ets}},
	note = {Accessed: 2019-01-06}
}

@MISC{holidays,
	author = {Rob J. Hyndman},
	title = {Forecasting with daily data},
	howpublished = {\url{https://robjhyndman.com/hyndsight/dailydata/}},
	note = {Accessed: 2019-01-06}
}

@MISC{sd,
	title = {Standard Deviation},
	howpublished = {\url{https:/www.rdocumentation.org/packages/stats/versions/3.5.2/topics/sd}},
	note = {Accessed: 2019-01-09}
}

@MISC{lm,
	title = {Fitting Linear Models},
	howpublished = {\url{https://www.rdocumentation.org/packages/stats/versions/3.5.2/topics/lm}},
	note = {Accessed: 2019-01-09}
}

@MISC{loew,
	title = {LÃ¶wner-Halbordnung},
	howpublished = {\url{https://de.wikipedia.org/wiki/Loewner-Halbordnung}},
	note = {Accessed: 2019-01-09}
}

@MISC{sdci,
	author = {GraphPad},
	title = {Confidence interval of a standard deviation},
	howpublished = {\url{https://www.graphpad.com/guides/prism/7/statistics/index.htm?stat_confidence_interval_of_a_stand.html}},
	note = {Accessed: 2019-01-09}
}


@article{cleveland1990stl,
	title={STL: A Seasonal-Trend Decomposition},
	author={Cleveland, Robert B and Cleveland, William S and McRae, Jean E and Terpenning, Irma},
	journal={Journal of Official Statistics},
	volume={6},
	number={1},
	pages={3--73},
	year={1990}
}

@article{de2011forecasting,
	title={Forecasting time series with complex seasonal patterns using exponential smoothing},
	author={De Livera, Alysha M and Hyndman, Rob J and Snyder, Ralph D},
	journal={Journal of the American Statistical Association},
	volume={106},
	number={496},
	pages={1513--1527},
	year={2011},
	publisher={Taylor \& Francis}
}

@MISC{tbats,
	title = {TBATS Model},
	howpublished = {\url{https://www.rdocumentation.org/packages/forecast/versions/8.4/topics/tbats}},
	note = {Accessed: 2019-01-09}
}
